<collection xmlns="http://www.loc.gov/MARC21/slim">
<record>
  <leader>01749nam0a22003371i 450 </leader>
  <controlfield tag="001">IT\ICCU\CNCE\037880</controlfield>
  <controlfield tag="005">20080206000000.0</controlfield>
  <datafield tag="012" ind1=" " ind2=" ">
    <subfield code="a">orto orso o:ta lede (3) 1506 (R)</subfield>
    <subfield code="2">fei</subfield>
  </datafield>
  <datafield tag="100" ind1=" " ind2=" ">
    <subfield code="a">19981023d1506        0itac0103    ba</subfield>
  </datafield>
  <datafield tag="101" ind1=" " ind2=" ">
    <subfield code="a">ITA</subfield>
  </datafield>
  <datafield tag="102" ind1=" " ind2=" ">
    <subfield code="a">IT</subfield>
  </datafield>
  <datafield tag="200" ind1="1" ind2=" ">
    <subfield code="a">Laude deuotissime &amp; sanctissime: composte per el nobile &amp; magnifico misser Leonardo Iustiniano di Venetia</subfield>
  </datafield>
  <datafield tag="210" ind1=" " ind2=" ">
    <subfield code="e">Stampata in Venetia</subfield>
    <subfield code="g">per Bernardin venetian di Vidali habita in la contra de sancta Marina in la corte da cha corner</subfield>
    <subfield code="h">1506 Adi XXV Mazo</subfield>
  </datafield>
  <datafield tag="215" ind1=" " ind2=" ">
    <subfield code="a">119, \1! c.</subfield>
    <subfield code="c">ill.</subfield>
    <subfield code="d">8ʻ</subfield>
  </datafield>
  <datafield tag="620" ind1=" " ind2=" ">
    <subfield code="a">IT</subfield>
    <subfield code="d">Venezia</subfield>
  </datafield>
  <datafield tag="700" ind1=" " ind2="1">
    <subfield code="a">Giustiniani,</subfield>
    <subfield code="b">Leonardo</subfield>
    <subfield code="3">IT\ICCU\CNCA\006171</subfield>
  </datafield>
  <datafield tag="712" ind1="0" ind2="0">
    <subfield code="a">Vitali, Bernardino</subfield>
    <subfield code="3">IT\ICCU\CNCT\000068</subfield>
    <subfield code="4">650</subfield>
  </datafield>
  <datafield tag="790" ind1=" " ind2="1">
    <subfield code="a">Iustinianus,</subfield>
    <subfield code="b">Leonardus</subfield>
    <subfield code="3">IT\ICCU\CNCA\010546</subfield>
    <subfield code="z">Giustiniani, Leonardo</subfield>
  </datafield>
  <datafield tag="790" ind1=" " ind2="1">
    <subfield code="a">Giustinian,</subfield>
    <subfield code="b">Leonardo</subfield>
    <subfield code="3">IT\ICCU\CNCA\019950</subfield>
    <subfield code="z">Giustiniani, Leonardo</subfield>
  </datafield>
  <datafield tag="790" ind1=" " ind2="1">
    <subfield code="a">Giustiniano,</subfield>
    <subfield code="b">Leonardo</subfield>
    <subfield code="3">IT\ICCU\CNCA\019951</subfield>
    <subfield code="z">Giustiniani, Leonardo</subfield>
  </datafield>
  <datafield tag="791" ind1="0" ind2="2">
    <subfield code="a">B. V.</subfield>
    <subfield code="3">IT\ICCU\CNCT\002949</subfield>
    <subfield code="z">Vitali, Bernardino</subfield>
  </datafield>
  <datafield tag="791" ind1="0" ind2="2">
    <subfield code="a">Bernardinus Venetus</subfield>
    <subfield code="3">IT\ICCU\CNCT\003178</subfield>
    <subfield code="z">Vitali, Bernardino</subfield>
  </datafield>
  <datafield tag="791" ind1="0" ind2="0">
    <subfield code="a">Vidali, Bernardino de</subfield>
    <subfield code="3">IT\ICCU\CNCT\004172</subfield>
    <subfield code="z">Vitali, Bernardino</subfield>
  </datafield>
  <datafield tag="791" ind1="0" ind2="0">
    <subfield code="a">Vitalibus, Bernardinus de</subfield>
    <subfield code="3">IT\ICCU\CNCT\005902</subfield>
    <subfield code="z">Vitali, Bernardino</subfield>
  </datafield>
  <datafield tag="791" ind1="0" ind2="0">
    <subfield code="a">Vitalis, Bernardinus</subfield>
    <subfield code="3">IT\ICCU\CNCT\005903</subfield>
    <subfield code="z">Vitali, Bernardino</subfield>
  </datafield>
  <datafield tag="791" ind1="0" ind2="0">
    <subfield code="a">Vitalli, Bernardino di</subfield>
    <subfield code="3">IT\ICCU\CNCT\005904</subfield>
    <subfield code="z">Vitali, Bernardino</subfield>
  </datafield>
  <datafield tag="801" ind1=" " ind2="3">
    <subfield code="a">IT</subfield>
    <subfield code="b">ICCU</subfield>
    <subfield code="c">20201114</subfield>
  </datafield>
  <datafield tag="899" ind1=" " ind2=" ">
    <subfield code="a">Archivio storico civico e Biblioteca Trivulziana. Milano</subfield>
    <subfield code="z">MUTILO</subfield>
    <subfield code="1">MI0327</subfield>
    <subfield code="2">LO1 13</subfield>
  </datafield>
  <datafield tag="899" ind1=" " ind2=" ">
    <subfield code="a">Biblioteca nazionale Vittorio Emanuele III. Napoli</subfield>
    <subfield code="1">NA0079</subfield>
    <subfield code="2">NAP BN</subfield>
  </datafield>
  <datafield tag="899" ind1=" " ind2=" ">
    <subfield code="a">Biblioteca comunale. Treviso</subfield>
    <subfield code="1">TV0114</subfield>
    <subfield code="2">VIA CT</subfield>
  </datafield>
  <datafield tag="899" ind1=" " ind2=" ">
    <subfield code="a">Biblioteca Querini Stampalia. Venezia</subfield>
    <subfield code="1">VE0047</subfield>
    <subfield code="2">VEA QS</subfield>
  </datafield>
</record>
</collection>
